@Book{ kopkaEinf:92,
	author = "Helmut Kopka",
	title = {\LaTeX - Eine Einf{\"u}hrung},
	edition = "vierte",
	publisher = "Addison--Wesley (Deutschland) GmbH",
	address = "Bonn",
	year = "1992",
	language = "german"
}

@Book{ kopkaErw:92,
	author = "Helmut Kopka",
	title = {\LaTeX - Erweiterungsm{\"o}glichkeiten},
	edition = "vierte",
	publisher = "Addison--Wesley (Deutschland) GmbH",
	address = "Bonn",
	year = "1992",
	language = "german"
}

